@inproceedings{DBLP:conf/acsos/BaiardiCP23,
  author       = {Martina Baiardi and
                  Giovanni Ciatto and
                  Danilo Pianini},
  title        = {Infrastructures for the Edge-Cloud Continuum on a Small Scale: {A}
                  Practical Case Study},
  booktitle    = {{IEEE} International Conference on Autonomic Computing and Self-Organizing
                  Systems, {ACSOS} 2023 - Companion, Toronto, ON, Canada, September
                  25-29, 2023},
  pages        = {128--133},
  publisher    = {{IEEE}},
  year         = {2023},
  url          = {https://doi.org/10.1109/ACSOS-C58168.2023.00052},
  doi          = {10.1109/ACSOS-C58168.2023.00052},
  timestamp    = {Fri, 26 Jan 2024 07:55:27 +0100},
  biburl       = {https://dblp.org/rec/conf/acsos/BaiardiCP23.bib},
  bibsource    = {dblp computer science bibliography, https://dblp.org}
}

@inproceedings{DBLP:conf/eumas/BaiardiBCP23,
  author       = {Martina Baiardi and
                  Samuele Burattini and
                  Giovanni Ciatto and
                  Danilo Pianini},
  editor       = {Vadim Malvone and
                  Aniello Murano},
  title        = {JaKtA: {BDI} Agent-Oriented Programming in Pure Kotlin},
  booktitle    = {Multi-Agent Systems - 20th European Conference, {EUMAS} 2023, Naples,
                  Italy, September 14-15, 2023, Proceedings},
  series       = {Lecture Notes in Computer Science},
  volume       = {14282},
  pages        = {49--65},
  publisher    = {Springer},
  year         = {2023},
  url          = {https://doi.org/10.1007/978-3-031-43264-4\_4},
  doi          = {10.1007/978-3-031-43264-4\_4},
  timestamp    = {Sat, 30 Sep 2023 09:40:42 +0200},
  biburl       = {https://dblp.org/rec/conf/eumas/BaiardiBCP23.bib},
  bibsource    = {dblp computer science bibliography, https://dblp.org}
}

@inproceedings{DBLP:conf/eumas/Baiardi23,
  author       = {Martina Baiardi},
  editor       = {Vadim Malvone and
                  Aniello Murano},
  title        = {A Step Forward to Widespread {BDI} {AOP:} JaKtA},
  booktitle    = {Multi-Agent Systems - 20th European Conference, {EUMAS} 2023, Naples,
                  Italy, September 14-15, 2023, Proceedings},
  series       = {Lecture Notes in Computer Science},
  volume       = {14282},
  pages        = {452--457},
  publisher    = {Springer},
  year         = {2023},
  url          = {https://doi.org/10.1007/978-3-031-43264-4\_31},
  doi          = {10.1007/978-3-031-43264-4\_31},
  timestamp    = {Sun, 24 Sep 2023 15:46:09 +0200},
  biburl       = {https://dblp.org/rec/conf/eumas/Baiardi23.bib},
  bibsource    = {dblp computer science bibliography, https://dblp.org}
}

@inproceedings{DBLP:conf/atal/BaiardiBCPOR24,
  author       = {Martina Baiardi and
                  Samuele Burattini and
                  Giovanni Ciatto and
                  Danilo Pianini and
                  Andrea Omicini and
                  Alessandro Ricci},
  editor       = {Mehdi Dastani and
                  Jaime Sim{\~{a}}o Sichman and
                  Natasha Alechina and
                  Virginia Dignum},
  title        = {Concurrency Model of {BDI} Programming Frameworks: Why Should We Control
                  It?},
  booktitle    = {Proceedings of the 23rd International Conference on Autonomous Agents
                  and Multiagent Systems, {AAMAS} 2024, Auckland, New Zealand, May 6-10,
                  2024},
  pages        = {2147--2149},
  publisher    = {{ACM}},
  year         = {2024},
  url          = {https://dl.acm.org/doi/10.5555/3635637.3663089},
  doi          = {10.5555/3635637.3663089},
  timestamp    = {Fri, 03 May 2024 14:31:38 +0200},
  biburl       = {https://dblp.org/rec/conf/atal/BaiardiBCPOR24.bib},
  bibsource    = {dblp computer science bibliography, https://dblp.org}
}